<collection xmlns="http://www.loc.gov/MARC21/slim">
   <record>
      <leader>05300nam a2200505 i 4500</leader>
      <controlfield tag="001">6771830</controlfield>
      <controlfield tag="005">20141224145136.0</controlfield>
      <controlfield tag="006">m    eo  d        </controlfield>
      <controlfield tag="007">cr cn |||m|||a</controlfield>
      <controlfield tag="008">141224s2015    caua   foab   000 0 eng d</controlfield>
      <datafield ind1=" " ind2=" " tag="020">
         <subfield code="a">9781627054416</subfield>
         <subfield code="q">ebook</subfield>
      </datafield>
      <datafield ind1=" " ind2=" " tag="020">
         <subfield code="z">9781627054409</subfield>
         <subfield code="q">print</subfield>
      </datafield>
      <datafield ind1="7" ind2=" " tag="024">
         <subfield code="a">10.2200/S00613ED1V01Y201411COV006</subfield>
         <subfield code="2">doi</subfield>
      </datafield>
      <datafield ind1=" " ind2=" " tag="039">
         <subfield code="a">exclude</subfield>
      </datafield>
      <datafield ind1=" " ind2=" " tag="040">
         <subfield code="a">CaBNVSL</subfield>
         <subfield code="b">eng</subfield>
         <subfield code="e">rda</subfield>
         <subfield code="c">CaBNVSL</subfield>
         <subfield code="d">CaBNVSL</subfield>
         <subfield code="d">AEU</subfield>
      </datafield>
      <datafield ind1=" " ind2="4" tag="050">
         <subfield code="a">TA1655</subfield>
         <subfield code="b">.E432 2015</subfield>
      </datafield>
      <datafield ind1="0" ind2="4" tag="082">
         <subfield code="a">621.367</subfield>
         <subfield code="2">23</subfield>
      </datafield>
      <datafield ind1=" " ind2=" " tag="090">
         <subfield code="a">Internet Access</subfield>
         <subfield code="b">AEU</subfield>
      </datafield>
      <datafield ind1="1" ind2=" " tag="100">
         <subfield code="a">Elgammal, Ahmed.,</subfield>
         <subfield code="e">author.</subfield>
         <subfield code="0">http://id.loc.gov/authorities/names/nb2007024978</subfield>
         <subfield code="0">http://viaf.org/viaf/306104453</subfield>
      </datafield>
      <datafield ind1="1" ind2="0" tag="245">
         <subfield code="a">Background subtraction :</subfield>
         <subfield code="b">theory and practice /</subfield>
         <subfield code="c">Ahmed Elgammal.</subfield>
      </datafield>
      <datafield ind1=" " ind2="1" tag="264">
         <subfield code="a">San Rafael, California (1537 Fourth Street, San Rafael, CA  94901 USA) :</subfield>
         <subfield code="b">Morgan &amp; Claypool,</subfield>
         <subfield code="c">2015.</subfield>
      </datafield>
      <datafield ind1=" " ind2=" " tag="300">
         <subfield code="a">1 online resource (xvi, 67 pages) :</subfield>
         <subfield code="b">illustrations.</subfield>
      </datafield>
      <datafield ind1=" " ind2=" " tag="336">
         <subfield code="a">text</subfield>
         <subfield code="2">rdacontent</subfield>
         <subfield code="0">http://id.loc.gov/vocabulary/contentTypes/txt</subfield>
      </datafield>
      <datafield ind1=" " ind2=" " tag="337">
         <subfield code="a">electronic</subfield>
         <subfield code="2">isbdmedia</subfield>
      </datafield>
      <datafield ind1=" " ind2=" " tag="338">
         <subfield code="a">online resource</subfield>
         <subfield code="2">rdacarrier</subfield>
         <subfield code="0">http://id.loc.gov/vocabulary/carriers/cr</subfield>
      </datafield>
      <datafield ind1="1" ind2=" " tag="490">
         <subfield code="a">Synthesis lectures on computer vision,</subfield>
         <subfield code="x">2153-1064 ;</subfield>
         <subfield code="v"># 6</subfield>
      </datafield>
      <datafield ind1=" " ind2=" " tag="500">
         <subfield code="a">Part of: Synthesis digital library of engineering and computer science.</subfield>
      </datafield>
      <datafield ind1=" " ind2=" " tag="504">
         <subfield code="a">Includes bibliographical references (pages 55-66).</subfield>
      </datafield>
      <datafield ind1="0" ind2=" " tag="505">
         <subfield code="a">1. Object detection and segmentation in videos -- 1.1 Characterization of video data -- 1.2 What is foreground and what is background? -- 1.3 The space of solutions -- 1.3.1 Foreground detection vs. background subtraction -- 1.3.2 Video segmentation and motion segmentation -- 1.4 Background subtraction concept --</subfield>
      </datafield>
      <datafield ind1="8" ind2=" " tag="505">
         <subfield code="a">2. Background subtraction from a stationary camera -- 2.1 Introduction -- 2.2 Challenges in scene modeling -- 2.3 Probabilistic background modeling -- 2.4 Parametric background models -- 2.4.1 A single Gaussian background modeL -- 2.4.2 A mixture Gaussian background model -- 2.5 Non-parametric background models -- 2.5.1 Kernel density estimation (KDE) -- 2.5.2 KDE background models -- 2.5.3 KDE-background practice and other non-parametric models -- 2.6 Other background models -- 2.6.1 Predictive-filtering background models -- 2.6.2 Hidden Markov model background subtraction -- 2.6.3 Subspace methods for background subtraction -- 2.6.4 Neural network models -- 2.7 Features for background modeling -- 2.8 Shadow suppression -- 2.8.1 Color spaces and achromatic shadows -- 2.8.2 Algorithmic approaches for shadow detection -- 2.9 Tradeoffs in background maintenance --</subfield>
      </datafield>
      <datafield ind1="8" ind2=" " tag="505">
         <subfield code="a">3. Background subtraction from a moving camera -- 3.1 Difficulties in the moving-camera case -- 3.2 Motion-compensation-based background-subtraction techniques -- 3.3 Motion segmentation -- 3.4 Layered-motion segmentation -- 3.5 Motion-segmentation-based background-subtraction approaches -- 3.5.1 Orthographic camera, factorization-based background models -- 3.5.2 Dense Bayesian appearance modeling -- 3.5.3 Moving away from the affine assumption, manifold-based background models --</subfield>
      </datafield>
      <datafield ind1="8" ind2=" " tag="505">
         <subfield code="a">Bibliography -- Author's biography.</subfield>
      </datafield>
      <datafield ind1=" " ind2=" " tag="506">
         <subfield code="a">Access restricted to authorized users and institutions.</subfield>
      </datafield>
      <datafield ind1="3" ind2=" " tag="520">
         <subfield code="a">Background subtraction is a widely used concept for detection of moving objects in videos. In the last two decades there has been a lot of development in designing algorithms for background subtraction, as well as wide use of these algorithms in various important applications, such as visual surveillance, sports video analysis, motion capture, etc. Various statistical approaches have been proposed to model scene backgrounds. The concept of background subtraction also has been extended to detect objects from videos captured from moving cameras. This book reviews the concept and practice of background subtraction. We discuss several traditional statistical background subtraction models, including the widely used parametric Gaussian mixture models and non-parametric models. We also discuss the issue of shadow suppression, which is essential for human motion analysis applications. This book discusses approaches and tradeoffs for background maintenance. This book also reviews many of the recent developments in background subtraction paradigm. Recent advances in developing algorithms for background subtraction from moving cameras are described, including motion-compensation-based approaches and motion-segmentation-based approaches.</subfield>
      </datafield>
      <datafield ind1=" " ind2=" " tag="588">
         <subfield code="a">Title from PDF title page (viewed on December 24, 2014).</subfield>
      </datafield>
      <datafield ind1=" " ind2=" " tag="596">
         <subfield code="a">44</subfield>
      </datafield>
      <datafield ind1=" " ind2="0" tag="650">
         <subfield code="a">Image stabilization.</subfield>
         <subfield code="0">http://id.loc.gov/authorities/subjects/sh2006003587</subfield>
      </datafield>
      <datafield ind1=" " ind2="0" tag="650">
         <subfield code="a">Image processing</subfield>
         <subfield code="x">Digital techniques.</subfield>
         <subfield code="0">http://id.loc.gov/authorities/subjects/sh85064447</subfield>
      </datafield>
      <datafield ind1=" " ind2=" " tag="758">
         <subfield code="0">http://worldcat.org/entity/work/id/24003451</subfield>
      </datafield>
      <datafield ind1="0" ind2=" " tag="787">
         <subfield code="n">OCLC Work Id</subfield>
         <subfield code="o">http://worldcat.org/entity/work/id/24003451</subfield>
      </datafield>
      <datafield ind1=" " ind2="0" tag="830">
         <subfield code="a">Synthesis digital library of engineering and computer science.</subfield>
         <subfield code="0">http://id.loc.gov/authorities/names/n2016188085</subfield>
      </datafield>
      <datafield ind1=" " ind2="0" tag="830">
         <subfield code="a">Synthesis lectures on computer vision ;</subfield>
         <subfield code="v"># 6.</subfield>
         <subfield code="x">2153-1064</subfield>
      </datafield>
      <datafield ind1="4" ind2="0" tag="856">
         <subfield code="3">University of Alberta Access</subfield>
         <subfield code="u">http://dx.doi.org/10.2200/S00613ED1V01Y201411COV006</subfield>
      </datafield>
      <datafield ind1=" " ind2=" " tag="949">
         <subfield code="h">UAIN</subfield>
         <subfield code="z">SYNTHDIG</subfield>
      </datafield>
      <datafield ind1=" " ind2=" " tag="926">
         <subfield code="a">Internet Access</subfield>
         <subfield code="w">LC</subfield>
         <subfield code="c">1</subfield>
         <subfield code="i">6771830-1001</subfield>
         <subfield code="l">INTERNET</subfield>
         <subfield code="m">UAINTERNET</subfield>
         <subfield code="r">Y</subfield>
         <subfield code="s">Y</subfield>
         <subfield code="t">E-RESOURCE</subfield>
         <subfield code="u">1/9/2015</subfield>
         <subfield code="x">E-BOOK</subfield>
         <subfield code="z">SYNTHDIG</subfield>
      </datafield>
   </record>
</collection>
